<?xml version="1.0" encoding="UTF-8"?><collection xmlns="http://www.loc.gov/MARC21/slim"><record><leader>00341nam--2200133-i-4500</leader><controlfield tag="001">000030758</controlfield><controlfield tag="002">20161230</controlfield><controlfield tag="005">20161230201038</controlfield><controlfield tag="008">060222s1000------------r-----000-0-eng-d</controlfield><datafield ind1=" " ind2=" " tag="080"><subfield code="a">42</subfield></datafield><datafield ind1=" " ind2=" " tag="100"><subfield code="a">Mccrone, W.C</subfield></datafield><datafield ind1=" " ind2=" " tag="245"><subfield code="a">Fusion methods in chemical microscopy</subfield></datafield><datafield ind1=" " ind2=" " tag="260"><subfield code="a">New York, Interscience Publishers, 1957. Vii + 307p</subfield></datafield><datafield ind1=" " ind2=" " tag="852"><subfield code="a">12869</subfield></datafield></record></collection>